%@article{ref_01,
%author = {Watson, James and Crick, Francis},
%title = {Molecular structure of nucleic acids},
%journal = {Nature},
%year = {1953},
%number = {4356},
%pages = {737-738},
%volume = {171},
%note = {Notas opcionales}
%}

%@online{ref_02,
%author = {Carlos Adrián Jiménez Carballo},
%title = {MOVIMIENTO ARMÓNICO SIMPLE (MAS)},
%year = {1984},
%url = {https://repositoriotec.tec.ac.cr/bitstream/handle/2238/10191/MAS.pdf?sequence=1&isAllowed=y},
%urldate = {2019-06-30}
%}

%@Book{ref_03,
%  title    = {Metodología de la Investigación},
%  year     = {2014},
%  author   = {Roberto Hernández Sampieri and Carlos Fernández Collado and Pilar Baptista Lucio},
%  %editor   = {Mc Graw-Hill / Interamericana},
%  %address  = {México},
%  %edition  = {6},
%  %keywords = {Meto},
%}

%@Article{ref_04,
%  author =  {Shibata, A. and Sozen, M. A.},
%  title =   {The Substitute Structure Method for Earthquake-Resistant Design of Reinforced Concrete Frames},
%  journal = {Research Applied to National Needs Program the National Science Foundation},
%  year =    {1976},
%  month =   {October}
%}

@online{ref_05,
author = {Carlos Adrián Jiménez Carballo},
title = {MOVIMIENTO ARMÓNICO SIMPLE (MAS)},
url = {https://repositoriotec.tec.ac.cr/bitstream/handle/2238/10191/MAS.pdf?sequence=1&isAllowed=y},
}

@Book{ref_06,
  title    = {Física Universitaria. Volumen I.},
  year     = {2013},
  author   = {Sears, Zemansky, Young},
  editor   = {Pearson Education.},
  address  = {México},
  edition  = {13},
  %keywords = {Meto},
}

@Book{ref_07,
  title    = {Física. Volumen I.},
  year     = {2013},
  author   = {Resnick, Halliday, Krane},
  editor   = {Grupo Editorial Patria.},
  address  = {México},
  edition  = {5},
  %keywords = {Meto},
}

@Book{ref_08,
  title    = {Física Para Ciencias e Ingeniería. Volumen I.},
  year     = {2008},
  author   = {Serway, R.A. y Jewett, J.W.},
  editor   = {Cengage Learning Editores S.A. de C.V.},
  address  = {México},
  edition  = {7},
  %keywords = {Meto},
}

@Book{ref_09,
  title    = {Física.},
  year     = {2007},
  author   = {Wilson, Buffa, y Lou},
  editor   = {Pearson educación.},
  address  = {México},
  edition  = {6},
  %keywords = {Meto},
}